
@article{hex,
author = {Intel},
title = {Hexadecimal Object File Format Specification},
journaltitle = {journaltitle},
date = {January 6,1988},
subtitle = {Revision A},
url = {http://microsym.com/editor/assets/intelhex.pdf},
}

@article{intel,
author = {{Intel Corporation}},
title = {Intel 8080-8085 Assembly Language Programming Guide},
date = {1978},
}
